<record><leader>00000cas a22000007a 4500</leader><controlfield tag="001">16671579</controlfield><controlfield tag="008">870911d19321943msucr ne      0    0eng d</controlfield><datafield ind1=" " ind2=" " tag="010"><subfield code="a">sn 87065689 </subfield></datafield><datafield ind1=" " ind2=" " tag="040"><subfield code="a">MJA</subfield><subfield code="b">eng</subfield><subfield code="c">MJA</subfield><subfield code="d">MSJ</subfield><subfield code="d">OCLCQ</subfield></datafield><datafield ind1=" " ind2=" " tag="042"><subfield code="a">msc</subfield></datafield><datafield ind1="0" ind2="4" tag="245"><subfield code="a">The Yazoo semi-weekly sentinel.</subfield></datafield><datafield ind1=" " ind2=" " tag="260"><subfield code="a">Yazoo City, Yazoo Co., Miss. :</subfield><subfield code="b">W.G. Dorsey and H.A. Nichols,</subfield><subfield code="c">1932-1943.</subfield></datafield><datafield ind1=" " ind2=" " tag="310"><subfield code="a">Semiweekly</subfield></datafield><datafield ind1="0" ind2=" " tag="362"><subfield code="a">Vol. 58, no. 67 (May 31, 1932)-v. 70, no. 17 (Feb. 26, 1943).</subfield></datafield><datafield ind1=" " ind2=" " tag="752"><subfield code="a">United States</subfield><subfield code="b">Mississippi</subfield><subfield code="c">Yazoo</subfield><subfield code="d">Yazoo City.</subfield></datafield><datafield ind1="0" ind2="5" tag="780"><subfield code="t">Yazoo County news</subfield></datafield><datafield ind1="0" ind2="0" tag="780"><subfield code="t">Yazoo tri-weekly sentinel</subfield><subfield code="w">(OCoLC)16671518</subfield></datafield><datafield ind1="0" ind2="0" tag="785"><subfield code="t">Yazoo weekly sentinel (Yazoo City, Miss. : 1943)</subfield><subfield code="w">(OCoLC)16671632</subfield></datafield></record>